%% This BibTeX bibliography file was created using BibDesk.
%% https://bibdesk.sourceforge.io/

%% Created for Holly Zaharchuk at 2024-10-22 13:57:14 -0400 


%% Saved with string encoding Unicode (UTF-8) 



@article{hautus1995,
	author = {Hautus, Michael J},
	date-added = {2024-10-10 18:18:43 -0400},
	date-modified = {2024-10-22 13:57:14 -0400},
	journal = {Behavior Research Methods, Instruments, \& Computers},
	pages = {46--51},
	publisher = {Springer},
	title = {Corrections for extreme proportions and their biasing effects on estimated values of d'},
	volume = {27},
	year = {1995}}

@article{saito2016,
	author = {Saito, Kazuya and Trofimovich, Pavel and Isaacs, Talia},
	date-added = {2024-06-01 21:41:50 -0400},
	date-modified = {2024-06-01 21:41:59 -0400},
	journal = {Applied Psycholinguistics},
	number = {2},
	pages = {217--240},
	title = {Second language speech production: Investigating linguistic correlates of comprehensibility and accentedness for learners at different ability levels},
	volume = {37},
	year = {2016}}

@article{hanulikova2012,
	author = {Hanul{\'\i}kov{\'a}, Adriana and Van Alphen, Petra M and Van Goch, Merel M and Weber, Andrea},
	date-added = {2024-06-01 21:40:28 -0400},
	date-modified = {2024-06-01 21:40:37 -0400},
	journal = {Journal of cognitive neuroscience},
	number = {4},
	pages = {878--887},
	title = {When one person's mistake is another's standard usage: The effect of foreign accent on syntactic processing},
	volume = {24},
	year = {2012}}

@article{ramautar2004,
	author = {Ramautar, JR and Kok, A and Ridderinkhof, KR},
	date-added = {2024-05-31 22:37:01 -0400},
	date-modified = {2024-05-31 22:37:20 -0400},
	journal = {Brain and cognition},
	number = {2},
	pages = {234--252},
	title = {Effects of stop-signal probability in the stop-signal paradigm: the {N2/P3} complex further validated},
	volume = {56},
	year = {2004}}

@article{lemhofer2012,
	author = {Lemh{\"o}fer, Kristin and Broersma, Mirjam},
	date-added = {2024-05-30 10:55:09 -0400},
	date-modified = {2024-05-30 10:55:22 -0400},
	journal = {Behavior research methods},
	pages = {325--343},
	title = {Introducing {LexTALE}: A quick and valid lexical test for advanced learners of English},
	volume = {44},
	year = {2012}}

@manual{leeper2017,
	author = {Leeper, Thomas J and Arnold, Jeffrey and Arel-Bundock, Vincent and Long, Jacob A and Leeper, Maintainer Thomas J},
	date-added = {2024-05-29 20:46:35 -0400},
	date-modified = {2024-05-29 20:49:45 -0400},
	note = {R package version 0.3.26},
	title = {margins: Marginal Effects for Model Objects},
	url = {https://CRAN.R-project.org/package=margins},
	year = {2017},
	bdsk-url-1 = {https://CRAN.R-project.org/package=margins}}

@article{wade2007,
	author = {Wade, Travis and Jongman, Allard and Sereno, Joan},
	date-added = {2024-05-29 12:39:18 -0400},
	date-modified = {2024-05-29 12:40:41 -0400},
	journal = {Phonetica},
	number = {2-3},
	pages = {122--144},
	title = {Effects of acoustic variability in the perceptual learning of non-native-accented speech sounds},
	volume = {64},
	year = {2007}}

@article{delorme2004,
	author = {Delorme, Arnaud and Makeig, Scott},
	date-added = {2024-05-28 22:52:11 -0400},
	date-modified = {2024-05-28 22:53:23 -0400},
	journal = {Journal of neuroscience methods},
	number = {1},
	pages = {9--21},
	title = {{EEGLAB}: an open source toolbox for analysis of single-trial {EEG} dynamics including independent component analysis},
	volume = {134},
	year = {2004}}

@article{brunner2013,
	author = {Brunner, Clemens and Delorme, Arnaud and Makeig, Scott},
	date-added = {2024-05-28 22:50:59 -0400},
	date-modified = {2024-05-28 22:51:34 -0400},
	journal = {Biomedical Engineering/Biomedizinische Technik},
	number = {SI-1-Track-G},
	pages = {000010151520134182},
	title = {{EEGLAB}--an open source {MATLAB} toolbox for electrophysiological research},
	volume = {58},
	year = {2013}}

@article{chatrian1985,
	author = {Chatrian, Gian Emilio and Lettich, Ettore and Nelson, Paula L},
	date-added = {2024-05-28 22:44:51 -0400},
	date-modified = {2024-05-28 22:44:59 -0400},
	journal = {American Journal of EEG technology},
	number = {2},
	pages = {83--92},
	title = {Ten percent electrode system for topographic studies of spontaneous and evoked EEG activities},
	volume = {25},
	year = {1985}}

@article{xie2020,
	author = {Xie, Xin and Jaeger, T Florian},
	date-added = {2024-05-28 17:41:26 -0400},
	date-modified = {2024-05-28 17:41:33 -0400},
	journal = {The Journal of the Acoustical Society of America},
	number = {5},
	pages = {3322--3347},
	title = {Comparing non-native and native speech: Are L2 productions more variable?},
	volume = {147},
	year = {2020}}

@article{zhang2021hvpt,
	author = {Zhang, Xiaojuan and Cheng, Bing and Zhang, Yang},
	date-added = {2024-05-28 13:33:43 -0400},
	date-modified = {2024-05-28 13:33:52 -0400},
	journal = {Journal of Speech, Language, and Hearing Research},
	number = {12},
	pages = {4802--4825},
	title = {The role of talker variability in nonnative phonetic learning: A systematic review and meta-analysis},
	volume = {64},
	year = {2021}}

@article{tzeng2024,
	author = {Tzeng, Christina Y and Russell, Marissa L and Nygaard, Lynne C},
	date-added = {2024-05-26 22:35:23 -0400},
	date-modified = {2024-05-26 22:35:31 -0400},
	journal = {Attention, Perception, \& Psychophysics},
	number = {1},
	pages = {339--353},
	title = {Attention modulates perceptual learning of non-native-accented speech},
	volume = {86},
	year = {2024}}

@article{magnuson2021,
	author = {Magnuson, James S and Nusbaum, Howard C and Akahane-Yamada, Reiko and Saltzman, David},
	date-added = {2024-05-26 21:19:58 -0400},
	date-modified = {2024-05-26 21:20:05 -0400},
	journal = {Attention, Perception, \& Psychophysics},
	pages = {1842--1860},
	title = {Talker familiarity and the accommodation of talker variability},
	volume = {83},
	year = {2021}}

@article{luthra2024,
	author = {Luthra, Sahil},
	date-added = {2024-05-26 21:19:34 -0400},
	date-modified = {2024-05-26 21:19:40 -0400},
	journal = {Psychonomic bulletin \& review},
	number = {1},
	pages = {104--121},
	title = {Why are listeners hindered by talker variability?},
	volume = {31},
	year = {2024}}

@article{whalen2018,
	author = {Whalen, Douglas H and Chen, Wei-Rong and Tiede, Mark K and Nam, Hosung},
	date-added = {2024-05-26 21:02:39 -0400},
	date-modified = {2024-05-26 21:02:48 -0400},
	journal = {Journal of phonetics},
	pages = {1--14},
	title = {Variability of articulator positions and formants across nine English vowels},
	volume = {68},
	year = {2018}}

@article{flege1987,
	author = {Flege, James E and Eefting, Wieke},
	date-modified = {2024-05-26 20:38:15 -0400},
	journal = {Journal of phonetics},
	number = {1},
	pages = {67--83},
	title = {Production and perception of English stops by native Spanish speakers},
	volume = {15},
	year = {1987}}

@article{baese2020,
	author = {Baese-Berk, Melissa M and McLaughlin, Drew J and McGowan, Kevin B},
	date-added = {2024-05-26 20:06:25 -0400},
	date-modified = {2024-05-26 20:06:34 -0400},
	journal = {Language and Linguistics Compass},
	number = {7},
	pages = {e12375},
	title = {Perception of non-native speech},
	volume = {14},
	year = {2020}}

@article{luthra2021,
	author = {Luthra, Sahil and Mechtenberg, Hannah and Myers, Emily B},
	date-added = {2024-05-26 20:02:24 -0400},
	date-modified = {2024-05-26 20:02:32 -0400},
	journal = {Attention, Perception, \& Psychophysics},
	pages = {2217--2228},
	title = {Perceptual learning of multiple talkers requires additional exposure},
	volume = {83},
	year = {2021}}

@incollection{baese2018,
	author = {Baese-Berk, Melissa},
	booktitle = {Current Topics in Language},
	chapter = {1},
	date-added = {2024-05-26 16:47:33 -0400},
	date-modified = {2024-05-26 16:49:19 -0400},
	editor = {Kara D. Federmeier and Duane G. Watson},
	pages = {1--29},
	publisher = {Academic Press},
	series = {Psychology of learning and motivation},
	title = {Perceptual learning for native and non-native speech},
	volume = {68},
	year = {2018}}

@article{bieber2022,
	author = {Bieber, Rebecca E and Gordon-Salant, Sandra},
	date-added = {2024-05-26 14:20:53 -0400},
	date-modified = {2024-05-26 14:21:04 -0400},
	journal = {The Journal of the Acoustical Society of America},
	number = {1},
	pages = {242--255},
	title = {Semantic context and stimulus variability independently affect rapid adaptation to non-native English speech in young adults},
	volume = {151},
	year = {2022}}

@article{bieber2024,
	author = {Bieber, RE and Gordon-Salant, S},
	date-added = {2024-05-26 13:55:07 -0400},
	date-modified = {2024-05-26 13:55:17 -0400},
	journal = {Auditory Perception \& Cognition},
	pages = {1--30},
	title = {Influence of Talker and Accent Variability on Rapid Adaptation and Generalization to Non-Native Accented Speech in Younger and Older Adults},
	year = {2024}}

@article{weatherholtz2016,
	author = {Weatherholtz, Kodi and Jaeger, T Florian},
	date-added = {2024-05-26 13:55:00 -0400},
	date-modified = {2024-05-26 13:56:39 -0400},
	journal = {Oxford Research Encyclopedia of Linguistics},
	title = {Speech perception and generalization across talkers and accents},
	year = {2016}}

@article{xie2023,
	author = {Xie, Xin and Jaeger, T Florian and Kurumada, Chigusa},
	date-added = {2024-05-25 15:44:04 -0400},
	date-modified = {2024-05-25 15:44:10 -0400},
	journal = {Cortex},
	pages = {377--424},
	title = {What we do (not) know about the mechanisms underlying adaptive speech perception: A computational framework and review},
	volume = {166},
	year = {2023}}

@article{choi2019,
	author = {Choi, Ja Young and Perrachione, Tyler K},
	date-added = {2024-05-25 15:40:46 -0400},
	date-modified = {2024-05-25 15:40:57 -0400},
	journal = {Cognition},
	pages = {103982},
	title = {Time and information in perceptual adaptation to speech},
	volume = {192},
	year = {2019}}

@article{felker2021,
	author = {Felker, Emily and Broersma, Mirjam and Ernestus, Mirjam},
	date-added = {2024-05-25 11:06:53 -0400},
	date-modified = {2024-05-25 11:07:02 -0400},
	journal = {Applied Psycholinguistics},
	number = {4},
	pages = {1029--1055},
	title = {The role of corrective feedback and lexical guidance in perceptual learning of a novel L2 accent in dialogue},
	volume = {42},
	year = {2021}}

@article{babel2019,
	author = {Babel, Molly and McAuliffe, Michael and Norton, Carolyn and Senior, Brianne and Vaughn, Charlotte},
	date-added = {2024-05-25 10:50:57 -0400},
	date-modified = {2024-05-25 10:51:12 -0400},
	journal = {Phonetica},
	number = {2-3},
	pages = {179--200},
	title = {The {Goldilocks} zone of perceptual learning},
	volume = {76},
	year = {2019}}

@article{baigorri2019,
	author = {Baigorri, Miriam and Campanelli, Luca and Levy, Erika S},
	date-added = {2024-05-25 10:46:17 -0400},
	date-modified = {2024-05-25 10:46:45 -0400},
	journal = {Language and speech},
	number = {4},
	pages = {681--700},
	title = {Perception of {American}--{English} vowels by early and late {Spanish}--{English} bilinguals},
	volume = {62},
	year = {2019}}

@article{norris2003,
	author = {Norris, Dennis and McQueen, James M and Cutler, Anne},
	date-added = {2024-05-24 22:46:15 -0400},
	date-modified = {2024-05-24 22:46:36 -0400},
	journal = {Cognitive psychology},
	number = {2},
	pages = {204--238},
	title = {Perceptual learning in speech},
	volume = {47},
	year = {2003}}

@article{tremblay2009,
	author = {Tremblay, Kelly L and Shahin, Antoine J and Picton, Terence and Ross, Bernhard},
	date-added = {2024-05-24 22:08:24 -0400},
	date-modified = {2024-05-24 22:08:32 -0400},
	journal = {Clinical Neurophysiology},
	number = {1},
	pages = {128--135},
	title = {Auditory training alters the physiological detection of stimulus-specific cues in humans},
	volume = {120},
	year = {2009}}

@article{tremblay2014,
	author = {Tremblay, Kelly L and Ross, Bernhard and Inoue, Kayo and McClannahan, Katrina and Collet, Gregory},
	date-added = {2024-05-24 21:55:53 -0400},
	date-modified = {2024-05-24 21:56:02 -0400},
	journal = {Frontiers in systems neuroscience},
	pages = {28},
	title = {Is the auditory evoked P2 response a biomarker of learning?},
	volume = {8},
	year = {2014}}

@article{mcauliffe2016,
	author = {McAuliffe, Michael and Babel, Molly},
	date-added = {2024-05-24 21:54:09 -0400},
	date-modified = {2024-05-24 21:54:18 -0400},
	journal = {The Journal of the Acoustical Society of America},
	number = {3},
	pages = {1727--1738},
	title = {Stimulus-directed attention attenuates lexically-guided perceptual learning},
	volume = {140},
	year = {2016}}

@inproceedings{scharenborg2019,
	author = {Scharenborg, Odette and Koemans, Jiska and Smith, Cybelle and Hasegawa-Johnson, Mark A and Federmeier, Kara D},
	booktitle = {INTERSPEECH},
	date-added = {2024-05-24 21:51:06 -0400},
	date-modified = {2024-05-24 21:51:13 -0400},
	pages = {1223--1227},
	title = {The Neural Correlates Underlying Lexically-Guided Perceptual Learning.},
	year = {2019}}

@article{cummings2023,
	author = {Cummings, Shawn N and Theodore, Rachel M},
	date-added = {2024-05-24 21:47:10 -0400},
	date-modified = {2024-05-24 21:47:19 -0400},
	journal = {Cognition},
	pages = {105404},
	title = {Hearing is believing: Lexically guided perceptual learning is graded to reflect the quantity of evidence in speech input},
	volume = {235},
	year = {2023}}

@article{kraljic2007,
	author = {Kraljic, Tanya and Samuel, Arthur G},
	date-added = {2024-05-24 21:37:59 -0400},
	date-modified = {2024-05-24 21:38:07 -0400},
	journal = {Journal of Memory and Language},
	number = {1},
	pages = {1--15},
	title = {Perceptual adjustments to multiple speakers},
	volume = {56},
	year = {2007}}

@article{kraljic2006,
	author = {Kraljic, Tanya and Samuel, Arthur G},
	date-added = {2024-05-24 21:36:59 -0400},
	date-modified = {2024-05-24 21:37:12 -0400},
	journal = {Psychonomic bulletin \& review},
	number = {2},
	pages = {262--268},
	title = {Generalization in perceptual learning for speech},
	volume = {13},
	year = {2006}}

@article{atienza2002,
	author = {Atienza, Mercedes and Cantero, Jose L and Dominguez-Marin, Elena},
	date-added = {2024-05-24 20:06:12 -0400},
	date-modified = {2024-05-24 20:06:23 -0400},
	journal = {Learning \& Memory},
	number = {3},
	pages = {138--150},
	title = {The time course of neural changes underlying auditory perceptual learning},
	volume = {9},
	year = {2002}}

@article{clayards2017,
	author = {Clayards, Meghan},
	date-added = {2024-05-24 16:42:32 -0400},
	date-modified = {2024-05-24 16:42:39 -0400},
	journal = {Phonetica},
	number = {1},
	pages = {1--23},
	title = {Individual talker and token covariation in the production of multiple cues to stop voicing},
	volume = {75},
	year = {2017}}

@article{clarke2000,
	author = {Clarke, Constance M},
	date-added = {2024-05-24 15:47:02 -0400},
	date-modified = {2024-05-24 15:47:23 -0400},
	journal = {Journal of the Acoustical Society of America},
	number = {5},
	pages = {2856},
	title = {Perceptual adjustment to foreign-accented English},
	volume = {107},
	year = {2000}}

@article{viswanathan2020,
	author = {Viswanathan, Navin and Olmstead, Annie J and Aivar, M Pilar},
	date-added = {2024-05-24 15:14:27 -0400},
	date-modified = {2024-05-24 15:14:44 -0400},
	journal = {Language and Speech},
	number = {2},
	pages = {436--452},
	title = {The use of vowel length in making voicing judgments by native listeners of {English and Spanish}: Implications for rate normalization},
	volume = {63},
	year = {2020}}

@article{mcmurray2008,
	author = {McMurray, Bob and Clayards, Meghan A and Tanenhaus, Michael K and Aslin, Richard N},
	date-added = {2024-05-24 15:14:04 -0400},
	date-modified = {2024-05-24 15:14:53 -0400},
	journal = {Psychonomic bulletin \& review},
	number = {6},
	pages = {1064--1071},
	title = {Tracking the time course of phonetic cue integration during spoken word recognition},
	volume = {15},
	year = {2008}}

@inbook{bent2021,
	author = {Bent, Tessa and Baese-Berk, Melissa},
	chapter = {The handbook of speech perception},
	date-added = {2024-05-24 13:41:09 -0400},
	date-modified = {2024-05-24 13:44:10 -0400},
	editor = {Jennifer S. Pardo and Lynne C. Nygaard and Robert E. Remez and David B. Pisoni},
	pages = {428--464},
	publisher = {Wiley Blackwell},
	title = {Perceptual learning of accented speech},
	year = {2021}}

@article{eisner2005,
	author = {Eisner, Frank and McQueen, James M},
	date-added = {2024-05-24 13:39:15 -0400},
	date-modified = {2024-05-24 13:39:25 -0400},
	journal = {Perception \& psychophysics},
	number = {2},
	pages = {224--238},
	title = {The specificity of perceptual learning in speech processing},
	volume = {67},
	year = {2005}}

@article{nagle2022,
	author = {Nagle, Charles L and Baese-Berk, Melissa M},
	date-added = {2024-05-24 10:56:10 -0400},
	date-modified = {2024-05-24 10:56:21 -0400},
	journal = {Studies in Second Language Acquisition},
	number = {2},
	pages = {580--605},
	title = {Advancing the state of the art in L2 speech perception-production research: Revisiting theoretical assumptions and methodological practices},
	volume = {44},
	year = {2022}}

@article{kang2024,
	author = {Kang, Okim and Yan, Xun and Kostromitina, Maria and Thomson, Ron and Isaacs, Talia},
	date-added = {2024-05-23 22:11:21 -0400},
	date-modified = {2024-05-23 22:11:33 -0400},
	journal = {Language Testing},
	number = {2},
	pages = {263--289},
	title = {Fairness of using different English accents: The effect of shared L1s in listening tasks of the Duolingo English test},
	volume = {41},
	year = {2024}}

@article{oldfield1971,
	author = {Oldfield, Richard C},
	date-added = {2024-05-23 21:59:04 -0400},
	date-modified = {2024-05-23 21:59:13 -0400},
	journal = {Neuropsychologia},
	number = {1},
	pages = {97--113},
	title = {The assessment and analysis of handedness: the Edinburgh inventory},
	volume = {9},
	year = {1971}}

@article{lukacs2023,
	author = {Luk{\'a}cs, G{\'a}sp{\'a}r and Kawai, Claudia and Ansorge, Ulrich and Fekete, Anna},
	date-added = {2024-05-23 21:51:22 -0400},
	date-modified = {2024-05-23 21:51:36 -0400},
	journal = {Applied Linguistics Review},
	number = {4},
	pages = {1027--1044},
	title = {Detecting concealed language knowledge via response times},
	volume = {14},
	year = {2023}}

@article{morales2015,
	author = {Morales, Julia and Yudes, Carolina and G{\'o}mez-Ariza, Carlos J and Bajo, M Teresa},
	date-added = {2024-05-23 21:29:07 -0400},
	date-modified = {2024-05-23 21:29:24 -0400},
	journal = {Neuropsychologia},
	pages = {157--169},
	title = {Bilingualism modulates dual mechanisms of cognitive control: Evidence from ERPs},
	volume = {66},
	year = {2015}}

@article{crowley2004,
	author = {Crowley, Kate E and Colrain, Ian M},
	date-added = {2024-05-23 18:10:35 -0400},
	date-modified = {2024-05-23 18:10:47 -0400},
	journal = {Clinical neurophysiology},
	number = {4},
	pages = {732--744},
	title = {A review of the evidence for {P2} being an independent component process: age, sleep and modality},
	volume = {115},
	year = {2004}}

@article{dorman1974,
	author = {Dorman, Michael F},
	date-added = {2024-05-23 18:07:06 -0400},
	date-modified = {2024-05-23 18:07:13 -0400},
	journal = {Perception \& Psychophysics},
	pages = {215--220},
	title = {Auditory evoked potential correlates of speech sound discrimination},
	volume = {15},
	year = {1974}}

@article{maye2008,
	author = {Maye, Jessica and Aslin, Richard N and Tanenhaus, Michael K},
	date-added = {2024-05-23 14:25:35 -0400},
	date-modified = {2024-05-23 14:25:43 -0400},
	journal = {Cognitive science},
	number = {3},
	pages = {543--562},
	title = {The weckud wetch of the wast: Lexical adaptation to a novel accent},
	volume = {32},
	year = {2008}}

@article{sarrett2020,
	author = {Sarrett, McCall E and McMurray, Bob and Kapnoula, Efthymia C},
	date-added = {2024-05-23 13:49:31 -0400},
	date-modified = {2024-05-26 19:57:53 -0400},
	journal = {Brain and language},
	pages = {104875},
	title = {Dynamic {EEG} analysis during language comprehension reveals interactive cascades between perceptual processing and sentential expectations},
	volume = {211},
	year = {2020}}

@article{toscanomc2010,
	author = {Toscano, Joseph C and McMurray, Bob},
	date-added = {2024-05-23 13:47:58 -0400},
	date-modified = {2024-05-23 13:48:09 -0400},
	journal = {Cognitive science},
	number = {3},
	pages = {434--464},
	title = {Cue integration with categories: Weighting acoustic cues in speech using unsupervised learning and distributional statistics},
	volume = {34},
	year = {2010}}

@article{pereira2018,
	author = {Pereira, Olivia and Gao, Yang Agnes and Toscano, Joseph C},
	date-added = {2024-05-23 13:37:18 -0400},
	date-modified = {2024-05-23 13:37:33 -0400},
	journal = {Auditory Perception \& Cognition},
	number = {1-2},
	pages = {112--130},
	title = {Perceptual encoding of natural speech sounds revealed by the N1 event-related potential response},
	volume = {1},
	year = {2018}}

@article{getz2021,
	author = {Getz, Laura M and Toscano, Joseph C},
	date-added = {2024-05-23 13:36:59 -0400},
	date-modified = {2024-05-23 13:37:25 -0400},
	journal = {Wiley Interdisciplinary Reviews: Cognitive Science},
	number = {2},
	pages = {e1541},
	title = {The time-course of speech perception revealed by temporally-sensitive neural measures},
	volume = {12},
	year = {2021}}

@article{toscano2010,
	author = {Toscano, Joseph C and McMurray, Bob and Dennhardt, Joel and Luck, Steven J},
	date-added = {2024-05-23 13:30:59 -0400},
	date-modified = {2024-05-23 13:31:15 -0400},
	journal = {Psychological science},
	number = {10},
	pages = {1532--1540},
	publisher = {Sage Publications Sage CA: Los Angeles, CA},
	title = {Continuous perception and graded categorization: Electrophysiological evidence for a linear relationship between the acoustic signal and perceptual encoding of speech},
	volume = {21},
	year = {2010}}

@article{getz2019,
	author = {Getz, Laura M and Toscano, Joseph C},
	date-added = {2024-05-23 13:23:36 -0400},
	date-modified = {2024-05-23 13:31:08 -0400},
	journal = {Psychological science},
	number = {6},
	pages = {830--841},
	title = {Electrophysiological evidence for top-down lexical influences on early speech perception},
	volume = {30},
	year = {2019}}

@article{idemaru2011,
	author = {Idemaru, Kaori and Holt, Lori L},
	date-added = {2024-05-23 13:19:35 -0400},
	date-modified = {2024-05-23 13:19:43 -0400},
	journal = {Journal of Experimental Psychology: Human Perception and Performance},
	number = {6},
	pages = {1939},
	title = {Word recognition reflects dimension-based statistical learning.},
	volume = {37},
	year = {2011}}

@article{crinnion2024,
	author = {Crinnion, Anne Marie and Luthra, Sahil and Gaston, Phoebe and Magnuson, James S},
	date-added = {2024-05-23 13:19:23 -0400},
	date-modified = {2024-05-23 13:20:12 -0400},
	journal = {Attention, Perception, \& Psychophysics},
	pages = {1--20},
	title = {Resolving competing predictions in speech: How qualitatively different cues and cue reliability contribute to phoneme identification},
	year = {2024}}

@article{zhang2021learning,
	author = {Zhang, Xujin and Wu, Yunan Charles and Holt, Lori L},
	date-added = {2024-05-23 13:17:06 -0400},
	date-modified = {2024-05-26 21:16:03 -0400},
	journal = {Cognitive Science},
	number = {3},
	pages = {e12947},
	title = {The learning signal in perceptual tuning of speech: Bottom up versus top-down information},
	volume = {45},
	year = {2021}}

@article{kapnoula2021,
	author = {Kapnoula, Efthymia C and McMurray, Bob},
	date-added = {2024-05-23 00:42:51 -0400},
	date-modified = {2024-05-23 00:43:06 -0400},
	journal = {Brain and Language},
	pages = {105031},
	title = {Idiosyncratic use of bottom-up and top-down information leads to differences in speech perception flexibility: Converging evidence from ERPs and eye-tracking},
	volume = {223},
	year = {2021}}

@article{kim2020,
	author = {Kim, Donghyun and Clayards, Meghan and Kong, Eun Jong},
	date-added = {2024-05-23 00:33:44 -0400},
	date-modified = {2024-05-23 00:33:53 -0400},
	journal = {Journal of Phonetics},
	pages = {100984},
	title = {Individual differences in perceptual adaptation to unfamiliar phonetic categories},
	volume = {81},
	year = {2020}}

@article{chodroff2017,
	author = {Chodroff, Eleanor and Wilson, Colin},
	date-added = {2024-05-22 23:58:13 -0400},
	date-modified = {2024-05-22 23:58:32 -0400},
	journal = {Journal of Phonetics},
	pages = {30--47},
	title = {Structure in talker-specific phonetic realization: Covariation of stop consonant {VOT in American English}},
	volume = {61},
	year = {2017}}

@article{clayards2008,
	author = {Clayards, Meghan and Tanenhaus, Michael K and Aslin, Richard N and Jacobs, Robert A},
	date-added = {2024-05-22 23:57:34 -0400},
	date-modified = {2024-05-22 23:57:44 -0400},
	journal = {Cognition},
	number = {3},
	pages = {804--809},
	title = {Perception of speech reflects optimal use of probabilistic speech cues},
	volume = {108},
	year = {2008}}

@article{schertz2016,
	author = {Schertz, Jessamyn and Cho, Taehong and Lotto, Andrew and Warner, Natasha},
	date-added = {2024-05-22 23:55:13 -0400},
	date-modified = {2024-05-22 23:55:24 -0400},
	journal = {Attention, Perception, \& Psychophysics},
	pages = {355--367},
	title = {Individual differences in perceptual adaptability of foreign sound categories},
	volume = {78},
	year = {2016}}

@inproceedings{clarke2005,
	author = {Clarke, Constance M and Luce, Paul},
	booktitle = {ISCA workshop on plasticity in speech perception},
	date-added = {2024-05-22 23:54:55 -0400},
	date-modified = {2024-05-25 16:01:21 -0400},
	title = {Perceptual adaptation to speaker characteristics: {VOT} boundaries in stop voicing categorization},
	year = {2005}}

@article{young2018,
	author = {Young, Michael E and Sutherland, Steven C and McCoy, Anthony W},
	date-added = {2024-05-22 23:27:53 -0400},
	date-modified = {2024-05-22 23:28:02 -0400},
	journal = {Behavior research methods},
	pages = {1020--1029},
	title = {Optimal go/no-go ratios to maximize false alarms},
	volume = {50},
	year = {2018}}

@article{elangovan2011,
	author = {Elangovan, Saravanan and Stuart, Andrew},
	date-added = {2024-05-22 22:41:02 -0400},
	date-modified = {2024-05-22 22:41:13 -0400},
	journal = {Neuroscience letters},
	number = {2},
	pages = {140--144},
	title = {A cross-linguistic examination of cortical auditory evoked potentials for a categorical voicing contrast},
	volume = {490},
	year = {2011}}

@article{horev2007,
	author = {Horev, Nitza and Most, Tova and Pratt, Hillel},
	date-added = {2024-05-22 22:31:57 -0400},
	date-modified = {2024-05-22 22:32:16 -0400},
	journal = {Ear and hearing},
	number = {1},
	pages = {111--128},
	title = {Categorical perception of speech ({VOT}) and analogous non-speech ({FOT}) signals: behavioral and electrophysiological correlates},
	volume = {28},
	year = {2007}}

@article{tong2009,
	author = {Tong, Yunxia and Melara, Robert D and Rao, Aparna},
	date-added = {2024-05-22 22:30:08 -0400},
	date-modified = {2024-05-22 22:30:24 -0400},
	journal = {Brain research},
	pages = {80--88},
	title = {P2 enhancement from auditory discrimination training is associated with improved reaction times},
	volume = {1297},
	year = {2009}}

@article{sanders2008,
	author = {Sanders, Lisa D and Astheimer, Lori B},
	date-added = {2024-05-22 13:46:04 -0400},
	date-modified = {2024-05-22 13:46:11 -0400},
	journal = {Perception \& psychophysics},
	number = {4},
	pages = {732--742},
	title = {Temporally selective attention modulates early perceptual processing: Event-related potential evidence},
	volume = {70},
	year = {2008}}

@article{hillyard1973,
	author = {Hillyard, Steven A and Hink, Robert F and Schwent, Vincent L and Picton, Terence W},
	date-added = {2024-05-22 13:45:35 -0400},
	date-modified = {2024-05-22 13:45:42 -0400},
	journal = {Science},
	number = {4108},
	pages = {177--180},
	title = {Electrical signs of selective attention in the human brain},
	volume = {182},
	year = {1973}}

@article{joos2014,
	author = {Joos, Kathleen and Gilles, Annick and Van de Heyning, Paul and De Ridder, Dirk and Vanneste, Sven},
	date-added = {2024-05-22 13:36:49 -0400},
	date-modified = {2024-05-22 13:37:02 -0400},
	journal = {Neuroscience \& Biobehavioral Reviews},
	pages = {148--156},
	title = {From sensation to percept: the neural signature of auditory event-related potentials},
	volume = {42},
	year = {2014}}

@article{tremblay2001,
	author = {Tremblay, Kelly and Kraus, Nina and McGee, Therese and Ponton, Curtis and Otis, Brian and others},
	date-added = {2024-05-22 12:30:57 -0400},
	date-modified = {2024-05-23 11:48:40 -0400},
	journal = {Ear and hearing},
	number = {2},
	pages = {79--90},
	title = {Central auditory plasticity: Changes in the {N1}--{P2} complex after speech-sound training},
	volume = {22},
	year = {2001}}

@article{malins2012,
	author = {Malins, Jeffrey G and Joanisse, Marc F},
	date-added = {2024-05-22 12:22:55 -0400},
	date-modified = {2024-05-22 12:23:06 -0400},
	journal = {Neuropsychologia},
	number = {8},
	pages = {2032--2043},
	title = {Setting the tone: An {ERP} investigation of the influences of phonological similarity on spoken word recognition in Mandarin Chinese},
	volume = {50},
	year = {2012}}

@article{huang2020,
	author = {Huang, Xian-Jun and Yang, Jin-Chen and others},
	date-added = {2024-05-22 12:22:04 -0400},
	date-modified = {2024-05-22 12:22:28 -0400},
	journal = {Journal of Psychophysiology},
	number = {2},
	title = {Phonological {P2 or PMN} during spoken word recognition in {Mandarin Chinese}: Prime modality matters.},
	volume = {34},
	year = {2020}}

@article{rossi2013,
	author = {Rossi, Sonja and Hartm{\"u}ller, Tobias and Vignotto, Micol and Obrig, Hellmuth},
	date-added = {2024-05-22 12:20:38 -0400},
	date-modified = {2024-05-22 12:20:46 -0400},
	journal = {Brain and language},
	number = {3},
	pages = {404--414},
	title = {Electrophysiological evidence for modulation of lexical processing after repetitive exposure to foreign phonotactic rules},
	volume = {127},
	year = {2013}}

@article{desroches2009,
	author = {Desroches, Amy S and Newman, Randy Lynn and Joanisse, Marc F},
	date-added = {2024-05-22 12:17:12 -0400},
	date-modified = {2024-05-22 12:17:30 -0400},
	journal = {Journal of Cognitive Neuroscience},
	number = {10},
	pages = {1893--1906},
	title = {Investigating the time course of spoken word recognition: Electrophysiological evidence for the influences of phonological similarity},
	volume = {21},
	year = {2009}}

@article{brunelliere2013,
	author = {Brunelli{\`e}re, Ang{\`e}le and Soto-Faraco, Salvador},
	date-added = {2024-05-22 12:16:01 -0400},
	date-modified = {2024-05-22 12:16:15 -0400},
	journal = {Brain and Language},
	number = {1},
	pages = {82--93},
	title = {The speakers' accent shapes the listeners' phonological predictions during speech perception},
	volume = {125},
	year = {2013}}

@article{dediego2007,
	author = {de Diego Balaguer, Ruth and Toro, Juan Manuel and Rodriguez-Fornells, Antoni and Bachoud-L{\'e}vi, Anne-Catherine},
	date-added = {2024-05-22 12:10:52 -0400},
	date-modified = {2024-05-22 12:11:08 -0400},
	journal = {PLoS One},
	number = {11},
	pages = {e1175},
	title = {Different neurophysiological mechanisms underlying word and rule extraction from speech},
	volume = {2},
	year = {2007}}

@article{newman2009,
	author = {Newman, Randy L and Connolly, John F},
	date-added = {2024-05-22 12:03:44 -0400},
	date-modified = {2024-05-22 12:03:52 -0400},
	journal = {Biological psychology},
	number = {1},
	pages = {114--121},
	title = {Electrophysiological markers of pre-lexical speech processing: Evidence for bottom--up and top--down effects on spoken word processing},
	volume = {80},
	year = {2009}}

@article{connolly1994,
	author = {Connolly, John F and Phillips, Natalie A},
	date-added = {2024-05-22 12:03:10 -0400},
	date-modified = {2024-05-22 12:03:18 -0400},
	journal = {Journal of cognitive neuroscience},
	number = {3},
	pages = {256--266},
	title = {Event-related potential components reflect phonological and semantic processing of the terminal word of spoken sentences},
	volume = {6},
	year = {1994}}

@article{lewendon2020,
	author = {Lewendon, J and Mortimore, Laurie and Egan, Ciara},
	date-added = {2024-05-22 12:02:01 -0400},
	date-modified = {2024-06-01 09:26:53 -0400},
	journal = {Frontiers in psychology},
	pages = {1967},
	title = {The phonological mapping (mismatch) negativity: History, inconsistency, and future direction},
	volume = {11},
	year = {2020}}

@article{lewendon2023,
	author = {Lewendon, J and Britton, James and Politzer-Ahles, Stephen},
	date-added = {2024-05-22 12:01:52 -0400},
	date-modified = {2024-06-01 09:27:04 -0400},
	journal = {Language, Cognition and Neuroscience},
	number = {8},
	pages = {1098--1114},
	title = {The MMN by another name? Exploring the autonomy of the Phonological Mapping (Mismatch) Negativity},
	volume = {38},
	year = {2023}}

@article{winsler2018,
	author = {Winsler, Kurt and Midgley, Katherine J and Grainger, Jonathan and Holcomb, Phillip J},
	date-added = {2024-05-22 11:49:06 -0400},
	date-modified = {2024-05-22 11:49:14 -0400},
	journal = {Language, Cognition and Neuroscience},
	number = {8},
	pages = {1063--1082},
	title = {An electrophysiological megastudy of spoken word recognition},
	volume = {33},
	year = {2018}}

@article{carpenter2013,
	author = {Carpenter, Allen L and Shahin, Antoine J},
	date-added = {2024-05-22 11:47:25 -0400},
	date-modified = {2024-05-23 17:59:45 -0400},
	journal = {Neuroscience letters},
	pages = {56--61},
	title = {Development of the {N1}--{P2} auditory evoked response to amplitude rise time and rate of formant transition of speech sounds},
	volume = {544},
	year = {2013}}

@article{norris1994,
	author = {Norris, Dennis},
	date-added = {2024-05-22 11:46:12 -0400},
	date-modified = {2024-05-22 11:46:19 -0400},
	journal = {Cognition},
	number = {3},
	pages = {189--234},
	title = {Shortlist: A connectionist model of continuous speech recognition},
	volume = {52},
	year = {1994}}

@article{marslen1984,
	author = {Marslen-Wilson, William D},
	date-added = {2024-05-22 11:45:21 -0400},
	date-modified = {2024-05-22 11:45:33 -0400},
	journal = {Attention and performance: Control of language processes},
	pages = {125--150},
	title = {Function and process in spoken word recognition: A tutorial review},
	year = {1984}}

@article{mcclelland1986,
	author = {McClelland, James L and Elman, Jeffrey L},
	date-added = {2024-05-22 11:43:27 -0400},
	date-modified = {2024-05-22 11:44:00 -0400},
	journal = {Cognitive psychology},
	number = {1},
	pages = {1--86},
	title = {The {TRACE} model of speech perception},
	volume = {18},
	year = {1986}}

@article{hagoort2017,
	author = {Hagoort, Peter},
	date-added = {2024-05-22 11:42:35 -0400},
	date-modified = {2024-05-22 11:42:43 -0400},
	journal = {Neuroscience \& Biobehavioral Reviews},
	pages = {194--204},
	title = {The core and beyond in the language-ready brain},
	volume = {81},
	year = {2017}}

@book{luck2014,
	author = {Luck, Steven J},
	date-added = {2024-05-22 11:38:08 -0400},
	date-modified = {2024-05-22 11:38:23 -0400},
	publisher = {MIT press},
	title = {An introduction to the event-related potential technique},
	year = {2014}}

@article{goslin2012,
	author = {Goslin, Jeremy and Duffy, Hester and Floccia, Caroline},
	date-added = {2024-05-22 11:36:25 -0400},
	date-modified = {2024-05-22 11:36:43 -0400},
	journal = {Brain and language},
	number = {2},
	pages = {92--102},
	title = {An {ERP} investigation of regional and foreign accent processing},
	volume = {122},
	year = {2012}}

@webpage{un2024,
	author = {{United Nations}},
	date-added = {2024-05-19 21:56:46 -0400},
	date-modified = {2024-05-29 14:13:09 -0400},
	lastchecked = {2024-05-19-04},
	title = {Standard country or area codes for statistical use (M49)},
	url = {https://unstats.un.org/unsd/methodology/m49/},
	year = {2024},
	bdsk-url-1 = {https://www.ethnologue.com/insights/most-spoken-language/}}

@webpage{ethnologue2024_2,
	author = {Ethnologue},
	date-added = {2024-05-19 20:32:47 -0400},
	date-modified = {2024-05-19 20:33:26 -0400},
	lastchecked = {2024-05-19},
	title = {What are the top 200 most spoken languages?},
	url = {https://www.ethnologue.com/insights/ethnologue200/},
	year = {2024},
	bdsk-url-1 = {https://www.ethnologue.com/insights/most-spoken-language/}}

@article{blakesley2009,
	author = {Blakesley, Richard E and Mazumdar, Sati and Dew, Mary Amanda and Houck, Patricia R and Tang, Gong and Reynolds III, Charles F and Butters, Meryl A},
	date-added = {2024-05-17 21:13:05 -0400},
	date-modified = {2024-05-17 21:13:20 -0400},
	journal = {Neuropsychology},
	number = {2},
	pages = {255},
	title = {Comparisons of methods for multiple hypothesis testing in neuropsychological research.},
	volume = {23},
	year = {2009}}

@article{hubert2008,
	author = {Hubert, Mia and Vandervieren, Ellen},
	date-added = {2024-05-17 16:52:21 -0400},
	date-modified = {2024-05-17 16:52:33 -0400},
	journal = {Computational statistics \& data analysis},
	number = {12},
	pages = {5186--5201},
	title = {An adjusted boxplot for skewed distributions},
	volume = {52},
	year = {2008}}

@article{bradlow2023,
	author = {Bradlow, Ann R and Bassard, Adrianna M and Paller, Ken A},
	date-added = {2024-05-10 21:02:14 -0400},
	date-modified = {2024-05-10 21:02:26 -0400},
	journal = {The Journal of the Acoustical Society of America},
	number = {3},
	pages = {1601--1613},
	title = {Generalized perceptual adaptation to second-language speech: Variability, similarity, and intelligibility},
	volume = {154},
	year = {2023}}

@article{banks2015,
	author = {Banks, Briony and Gowen, Emma and Munro, Kevin J and Adank, Patti},
	date-added = {2024-05-10 20:59:52 -0400},
	date-modified = {2024-05-10 21:00:02 -0400},
	journal = {The Journal of the Acoustical Society of America},
	number = {4},
	pages = {2015--2024},
	title = {Cognitive predictors of perceptual adaptation to accented speech},
	volume = {137},
	year = {2015}}

@article{wu2022,
	author = {Wu, Yunan Charles and Holt, Lori L},
	date-added = {2024-05-10 20:53:42 -0400},
	date-modified = {2024-05-10 20:54:30 -0400},
	journal = {Journal of Experimental Psychology: Human Perception and Performance},
	number = {9},
	pages = {913---925},
	title = {Phonetic category activation predicts the direction and magnitude of perceptual adaptation to accented speech.},
	volume = {48},
	year = {2022}}

@article{cho1999,
	author = {Cho, Taehong and Ladefoged, Peter},
	date-added = {2024-05-10 16:10:07 -0400},
	date-modified = {2024-05-10 16:10:28 -0400},
	journal = {Journal of phonetics},
	number = {2},
	pages = {207--229},
	title = {Variation and universals in {VOT}: Evidence from 18 languages},
	volume = {27},
	year = {1999}}

@article{abramson2017,
	author = {Abramson, Arthur S and Whalen, Douglas H},
	date-added = {2024-05-10 16:01:16 -0400},
	date-modified = {2024-05-10 16:01:38 -0400},
	journal = {Journal of phonetics},
	pages = {75--86},
	title = {Voice Onset Time ({VOT}) at 50: Theoretical and practical issues in measuring voicing distinctions},
	volume = {63},
	year = {2017}}

@inproceedings{lisker1970,
	author = {Lisker, Leigh and Abramson, Arthur S},
	booktitle = {Proceedings of the 6th International Congress of Phonetic Sciences},
	date-added = {2024-05-10 15:42:40 -0400},
	date-modified = {2024-05-10 15:43:29 -0400},
	pages = {563--567},
	title = {The voicing dimension: Some experiments in comparative phonetics},
	year = {1970}}

@article{benki2001,
	author = {Benk{\'\i}, Jos{\'e} R},
	date-added = {2024-05-10 14:35:38 -0400},
	date-modified = {2024-05-10 14:36:30 -0400},
	journal = {Journal of Phonetics},
	number = {1},
	pages = {1--22},
	title = {Place of articulation and first formant transition pattern both affect perception of voicing in {English}},
	volume = {29},
	year = {2001}}

@article{whalen1993,
	author = {Whalen, Douglas H and Abramson, Arthur S and Lisker, Leigh and Mody, Maria},
	date-added = {2024-05-10 14:29:19 -0400},
	date-modified = {2024-05-10 14:29:38 -0400},
	journal = {The Journal of the Acoustical Society of America},
	number = {4},
	pages = {2152--2159},
	title = {F0 gives voicing information even with unambiguous voice onset times},
	volume = {93},
	year = {1993}}

@article{shultz2012,
	author = {Shultz, Amanda A and Francis, Alexander L and Llanos, Fernando},
	date-added = {2024-05-10 14:28:15 -0400},
	date-modified = {2024-05-10 14:28:23 -0400},
	journal = {The Journal of the Acoustical Society of America},
	number = {2},
	pages = {EL95--EL101},
	publisher = {Acoustical Society of America},
	title = {Differential cue weighting in perception and production of consonant voicing},
	volume = {132},
	year = {2012}}

@article{port1982,
	author = {Port, Robert F and Dalby, Jonathan},
	date-added = {2024-05-10 14:24:07 -0400},
	date-modified = {2024-05-10 14:24:14 -0400},
	journal = {Perception \& Psychophysics},
	pages = {141--152},
	publisher = {Springer},
	title = {Consonant/vowel ratio as a cue for voicing in English},
	volume = {32},
	year = {1982}}

@article{francis2008,
	author = {Francis, Alexander L and Kaganovich, Natalya and Driscoll-Huber, Courtney},
	date-added = {2024-05-10 14:22:29 -0400},
	date-modified = {2024-05-10 14:22:38 -0400},
	journal = {The Journal of the Acoustical Society of America},
	number = {2},
	pages = {1234--1251},
	publisher = {Acoustical Society of America},
	title = {Cue-specific effects of categorization training on the relative weighting of acoustic cues to consonant voicing in English},
	volume = {124},
	year = {2008}}

@article{cooper1974,
	author = {Cooper, William E},
	date-added = {2024-05-10 12:35:31 -0400},
	date-modified = {2024-05-10 12:35:41 -0400},
	journal = {Journal of Phonetics},
	number = {4},
	pages = {303--313},
	title = {Selective adaptation for acoustic cues of voicing in initial stops},
	volume = {2},
	year = {1974}}

@article{winn2020,
	author = {Winn, Matthew B},
	date-added = {2024-05-09 14:19:33 -0400},
	date-modified = {2024-05-09 14:19:42 -0400},
	journal = {The Journal of the Acoustical Society of America},
	number = {2},
	pages = {852--866},
	publisher = {Acoustical Society of America},
	title = {Manipulation of voice onset time in speech stimuli: A tutorial and flexible Praat script},
	volume = {147},
	year = {2020}}

@article{tyler2014,
	author = {Tyler, Michael D and Best, Catherine T and Faber, Alice and Levitt, Andrea G},
	date-added = {2024-05-09 13:17:09 -0400},
	date-modified = {2024-05-09 13:17:25 -0400},
	journal = {Phonetica},
	number = {1},
	pages = {4--21},
	title = {Perceptual assimilation and discrimination of non-native vowel contrasts},
	volume = {71},
	year = {2014}}

@inbook{best2007,
	author = {Best, Catherine T and Tyler, Michael},
	chapter = {Nonnative and second-language speech perception: Commonalities and complementarities},
	date-added = {2024-05-09 13:09:56 -0400},
	date-modified = {2024-05-09 13:13:48 -0400},
	editor = {Bohn, O and Munro, Murray},
	pages = {13--34},
	publisher = {John Benjamins},
	title = {Second language speech learning: The role of language experience in speech perception and production},
	year = {2007}}

@article{best2001,
	author = {Best, Catherine T and McRoberts, Gerald W and Goodell, Elizabeth},
	date-added = {2024-05-09 12:54:08 -0400},
	date-modified = {2024-05-09 12:54:18 -0400},
	journal = {The Journal of the Acoustical Society of America},
	number = {2},
	pages = {775--794},
	publisher = {Acoustical Society of America},
	title = {Discrimination of non-native consonant contrasts varying in perceptual assimilation to the listener's native phonological system},
	volume = {109},
	year = {2001}}

@article{best1994,
	author = {Best, Catherine T},
	date-added = {2024-05-09 12:50:41 -0400},
	date-modified = {2024-05-09 12:51:21 -0400},
	journal = {The development of speech perception: The transition from speech sounds to spoken words},
	number = {224},
	pages = {233--277},
	title = {The emergence of native-language phonological influences in infants: A perceptual assimilation model},
	volume = {167},
	year = {1994}}

@article{flege2007,
	author = {Flege, James E},
	date-added = {2024-05-09 12:39:25 -0400},
	date-modified = {2024-05-09 12:39:34 -0400},
	journal = {Laboratory phonology},
	number = {353-381},
	title = {Language contact in bilingualism: Phonetic system interactions},
	volume = {9},
	year = {2007}}

@manual{revelle2023,
	author = {William Revelle},
	date-modified = {2024-05-29 20:50:10 -0400},
	note = {R package version 2.3.6},
	organization = {Northwestern University},
	title = {psych: Procedures for Psychological, Psychometric, and Personality Research},
	url = {https://CRAN.R-project.org/package=psych},
	year = {2023},
	bdsk-url-1 = {https://CRAN.R-project.org/package=psych}}

@manual{rcore2022,
	address = {Vienna, Austria},
	author = {{R Core Team}},
	organization = {R Foundation for Statistical Computing},
	title = {R: A Language and Environment for Statistical Computing},
	url = {https://www.R-project.org/},
	year = {2022},
	bdsk-url-1 = {https://www.R-project.org/}}

@manual{lenth2022,
	author = {Russell V. Lenth},
	note = {R package version 1.8.3},
	title = {emmeans: Estimated Marginal Means, aka Least-Squares Means},
	url = {https://CRAN.R-project.org/package=emmeans},
	year = {2022},
	bdsk-url-1 = {https://CRAN.R-project.org/package=emmeans}}

@book{fox2019,
	address = {Thousand Oaks {CA}},
	author = {John Fox and Sanford Weisberg},
	edition = {Third},
	publisher = {Sage},
	title = {An {R} Companion to Applied Regression},
	url = {https://socialsciences.mcmaster.ca/jfox/Books/Companion/},
	year = {2019},
	bdsk-url-1 = {https://socialsciences.mcmaster.ca/jfox/Books/Companion/}}

@article{bates2015,
	author = {Douglas Bates and Martin M{\"a}chler and Ben Bolker and Steve Walker},
	doi = {10.18637/jss.v067.i01},
	journal = {Journal of Statistical Software},
	number = {1},
	pages = {1--48},
	title = {Fitting Linear Mixed-Effects Models Using {lme4}},
	volume = {67},
	year = {2015},
	bdsk-url-1 = {https://doi.org/10.18637/jss.v067.i01}}

@article{barr2013,
	author = {Barr, Dale J and Levy, Roger and Scheepers, Christoph and Tily, Harry J},
	date-added = {2024-05-08 11:26:31 -0400},
	date-modified = {2024-05-24 13:45:29 -0400},
	journal = {Journal of memory and language},
	number = {3},
	pages = {255--278},
	title = {Random effects structure for confirmatory hypothesis testing: Keep it maximal},
	volume = {68},
	year = {2013}}

@software{broersma2021,
	author = {Broersma, P and Weenink, D},
	date-added = {2024-05-07 22:36:11 -0400},
	date-modified = {2024-05-07 22:44:40 -0400},
	format = {Computer program},
	title = {Praat: Doing phonetics by computer},
	url = {http://www.praat.org/},
	version = {6.1.38},
	year = {2021},
	bdsk-url-1 = {http://www.praat.org/}}

@article{brysbaert2019,
	author = {Brysbaert, Marc and Mandera, Pawe{\l} and McCormick, Samantha F and Keuleers, Emmanuel},
	date-added = {2024-05-05 14:46:17 -0400},
	date-modified = {2024-05-05 14:46:23 -0400},
	journal = {Behavior research methods},
	pages = {467--479},
	publisher = {Springer},
	title = {Word prevalence norms for 62,000 {English} lemmas},
	volume = {51},
	year = {2019}}

@article{balota2007,
	author = {Balota, David A and Yap, Melvin J and Hutchison, Keith A and Cortese, Michael J and Kessler, Brett and Loftis, Bjorn and Neely, James H and Nelson, Douglas L and Simpson, Greg B and Treiman, Rebecca},
	date-added = {2024-05-05 13:50:10 -0400},
	date-modified = {2024-05-05 13:50:21 -0400},
	journal = {Behavior research methods},
	pages = {445--459},
	publisher = {Springer},
	title = {The {English} lexicon project},
	volume = {39},
	year = {2007}}

@article{peirce2019,
	author = {Peirce, Jonathan and Gray, Jeremy R and Simpson, Sol and MacAskill, Michael and H{\"o}chenberger, Richard and Sogo, Hiroyuki and Kastman, Erik and Lindel{\o}v, Jonas Kristoffer},
	date-added = {2024-05-05 10:33:55 -0400},
	date-modified = {2024-05-05 10:34:13 -0400},
	journal = {Behavior research methods},
	pages = {195--203},
	publisher = {Springer},
	title = {PsychoPy2: Experiments in behavior made easy},
	volume = {51},
	year = {2019}}

@article{woods2017,
	author = {Woods, Kevin JP and Siegel, Max H and Traer, James and McDermott, Josh H},
	date-added = {2024-05-04 22:36:36 -0400},
	date-modified = {2024-05-04 22:36:49 -0400},
	journal = {Attention, Perception, \& Psychophysics},
	pages = {2064--2072},
	publisher = {Springer},
	title = {Headphone screening to facilitate web-based auditory experiments},
	volume = {79},
	year = {2017}}

@article{williams1977,
	author = {Williams, Lee},
	date-added = {2024-04-05 14:40:25 -0400},
	date-modified = {2024-05-24 13:45:58 -0400},
	journal = {Journal of phonetics},
	number = {2},
	pages = {169--184},
	title = {The voicing contrast in {Spanish}},
	volume = {5},
	year = {1977}}

@article{vicente1986,
	author = {Vicente, M Luisa Casta{\~n}eda},
	date-added = {2024-04-05 14:39:51 -0400},
	date-modified = {2024-04-05 14:40:05 -0400},
	journal = {Estudios de fon{\'e}tica experimental},
	pages = {91--110},
	title = {El {VOT} de las oclusivas sordas y sonoras espa{\~n}olas},
	year = {1986}}

@article{mccullough2016,
	author = {McCullough, Elizabeth A and Clopper, Cynthia G},
	date-added = {2024-04-04 21:46:48 -0400},
	date-modified = {2024-05-24 13:45:47 -0400},
	journal = {Journal of Phonetics},
	pages = {19--37},
	title = {Perceptual subcategories within non-native {English}},
	volume = {55},
	year = {2016}}

@article{utman2000,
	author = {Utman, Jennifer Aydelott and Blumstein, Sheila E and Burton, Martha W},
	date-added = {2024-04-04 21:45:51 -0400},
	date-modified = {2024-04-04 21:46:01 -0400},
	journal = {Perception \& Psychophysics},
	pages = {1297--1311},
	publisher = {Springer},
	title = {Effects of subphonetic and syllable structure variation on word recognition},
	volume = {62},
	year = {2000}}

@article{andruski1994,
	author = {Andruski, Jean E and Blumstein, Sheila E and Burton, Martha},
	date-added = {2024-04-04 21:44:46 -0400},
	date-modified = {2024-05-24 13:45:23 -0400},
	journal = {Cognition},
	number = {3},
	pages = {163--187},
	title = {The effect of subphonetic differences on lexical access},
	volume = {52},
	year = {1994}}

@webpage{ethnologue2024,
	author = {Ethnologue},
	date-added = {2024-04-04 18:26:08 -0400},
	date-modified = {2024-05-19 20:40:51 -0400},
	lastchecked = {2024-04-04},
	title = {What is the most spoken language?},
	url = {https://www.ethnologue.com/insights/most-spoken-language/},
	year = {2024},
	bdsk-url-1 = {https://www.ethnologue.com/insights/most-spoken-language/}}

@misc{census2019,
	author = {{United States Census Bureau}},
	date-added = {2021-12-08 09:12:20 -0500},
	date-modified = {2021-12-08 09:19:12 -0500},
	howpublished = {https://data.census.gov/cedsci/table?t=Language\%20Spoken\%20at\%20Home\&tid=ACSST5Y2019.S1603},
	title = {2015-2019 {American Community Survey} 5-Year Estimates: Characteristics of people by language spoken at home (S1603)}}

@article{stringer2019,
	author = {Stringer, Louise and Iverson, Paul},
	date-added = {2021-12-07 16:18:30 -0500},
	date-modified = {2021-12-07 16:18:30 -0500},
	journal = {Journal of Speech, Language, and Hearing Research},
	number = {7},
	pages = {2213--2226},
	publisher = {ASHA},
	title = {Accent intelligibility differences in noise across native and nonnative accents: effects of talker--listener pairing at acoustic--phonetic and lexical levels},
	volume = {62},
	year = {2019}}

@article{song2018,
	author = {Song, Jieun and Iverson, Paul},
	date-added = {2021-12-07 16:18:16 -0500},
	date-modified = {2024-05-24 13:45:53 -0400},
	journal = {Cognition},
	pages = {163--170},
	title = {Listening effort during speech perception enhances auditory and lexical processing for non-native listeners and accents},
	volume = {179},
	year = {2018}}

@article{romerorivas2015,
	author = {Romero-Rivas, Carlos and Martin, Clara D and Costa, Albert},
	date-added = {2021-12-07 16:18:06 -0500},
	date-modified = {2021-12-07 16:18:06 -0500},
	journal = {Frontiers in human neuroscience},
	pages = {167},
	publisher = {Frontiers},
	title = {Processing changes when listening to foreign-accented speech},
	volume = {9},
	year = {2015}}

@article{porretta2017,
	author = {Porretta, Vincent and Tremblay, Antoine and Bolger, Patrick},
	date-added = {2021-12-07 16:17:46 -0500},
	date-modified = {2024-05-24 13:45:50 -0400},
	journal = {Journal of Neurolinguistics},
	pages = {54--67},
	title = {Got experience? PMN amplitudes to foreign-accented speech modulated by listener experience},
	volume = {44},
	year = {2017}}

@article{grey2017,
	author = {Grey, Sarah and {Van Hell}, Janet G},
	date-added = {2021-12-07 16:17:32 -0500},
	date-modified = {2024-05-24 13:45:43 -0400},
	journal = {Journal of Neurolinguistics},
	pages = {93--108},
	title = {Foreign-accented speaker identity affects neural correlates of language comprehension},
	volume = {42},
	year = {2017}}

@article{gosselin2021,
	author = {Gosselin, Leah and Martin, Clara D and Navarra-Barindelli, Eugenia and Caffarra, Sendy},
	date-added = {2021-12-07 16:17:22 -0500},
	date-modified = {2021-12-07 16:17:22 -0500},
	journal = {Language, Cognition and Neuroscience},
	pages = {1--21},
	publisher = {Taylor \& Francis},
	title = {The presence of a foreign accent introduces lexical integration difficulties during late semantic processing},
	year = {2021}}

@article{kutas1984,
	author = {Kutas, Marta and Hillyard, Steven A},
	date-added = {2021-12-07 16:16:52 -0500},
	date-modified = {2021-12-07 16:16:52 -0500},
	journal = {Nature},
	number = {5947},
	pages = {161--163},
	publisher = {Nature Publishing Group},
	title = {Brain potentials during reading reflect word expectancy and semantic association},
	volume = {307},
	year = {1984}}

@article{federmeier2021,
	author = {Federmeier, Kara D},
	date-added = {2021-12-07 16:16:41 -0500},
	date-modified = {2024-05-24 13:44:37 -0400},
	journal = {Psychophysiology},
	pages = {e13940},
	title = {Connecting and considering: Electrophysiology provides insights into comprehension},
	year = {2021}}

@article{baese2013,
	author = {Baese-Berk, Melissa M and Bradlow, Ann R and Wright, Beverly A},
	date-added = {2021-12-07 16:15:33 -0500},
	date-modified = {2021-12-07 16:15:33 -0500},
	journal = {The Journal of the Acoustical Society of America},
	number = {3},
	pages = {EL174--EL180},
	publisher = {Acoustical Society of America},
	title = {Accent-independent adaptation to foreign accented speech},
	volume = {133},
	year = {2013}}

@article{tzeng2016,
	author = {Tzeng, Christina Y and Alexander, Jessica E. D. and Sidaras, Sabrina K and Nygaard, Lynne C},
	date-added = {2021-12-07 16:15:15 -0500},
	date-modified = {2021-12-07 16:15:15 -0500},
	journal = {Journal of Experimental Psychology: Human Perception and Performance},
	number = {11},
	pages = {1793},
	publisher = {American Psychological Association},
	title = {The role of training structure in perceptual learning of accented speech.},
	volume = {42},
	year = {2016}}

@article{alexander2019,
	author = {Alexander, Jessica E. D. and Nygaard, Lynne C},
	date-added = {2021-12-07 16:14:50 -0500},
	date-modified = {2021-12-07 16:14:50 -0500},
	journal = {The Journal of the Acoustical Society of America},
	number = {6},
	pages = {3382--3398},
	publisher = {Acoustical Society of America},
	title = {Specificity and generalization in perceptual adaptation to accented speech},
	volume = {145},
	year = {2019}}

@article{xie2021,
	author = {Xie, Xin and Liu, Linda and Jaeger, T Florian},
	date-added = {2021-12-07 16:13:59 -0500},
	date-modified = {2021-12-07 16:13:59 -0500},
	journal = {Journal of Experimental Psychology: General},
	publisher = {American Psychological Association},
	title = {Cross-talker generalization in the perception of nonnative speech: A large-scale replication.},
	year = {2021}}

@article{xie2017similarity,
	author = {Xie, Xin and Myers, Emily B},
	date-added = {2021-12-07 16:13:37 -0500},
	date-modified = {2024-05-24 13:46:01 -0400},
	journal = {Journal of Memory and Language},
	pages = {30--46},
	title = {Learning a talker or learning an accent: Acoustic similarity constrains generalization of foreign accent adaptation to new talkers},
	volume = {97},
	year = {2017}}

@article{xie2017structure,
	author = {Xie, Xin and Theodore, Rachel M and Myers, Emily B},
	date-added = {2021-12-07 16:13:25 -0500},
	date-modified = {2021-12-07 16:13:25 -0500},
	journal = {Journal of Experimental Psychology: Human Perception and Performance},
	number = {1},
	pages = {206--217},
	publisher = {American Psychological Association},
	title = {More than a boundary shift: Perceptual adaptation to foreign-accented speech reshapes the internal structure of phonetic categories.},
	volume = {43},
	year = {2017}}

@article{witteman2013,
	author = {Witteman, Marijt J and Weber, Andrea and McQueen, James M},
	date-added = {2021-12-07 16:12:52 -0500},
	date-modified = {2021-12-07 16:12:52 -0500},
	journal = {Attention, Perception, \& Psychophysics},
	number = {3},
	pages = {537--556},
	publisher = {Springer},
	title = {Foreign accent strength and listener familiarity with an accent codetermine speed of perceptual adaptation},
	volume = {75},
	year = {2013}}

@article{sidaras2009,
	author = {Sidaras, Sabrina K and Alexander, Jessica E. D. and Nygaard, Lynne C},
	date-added = {2021-12-07 16:12:18 -0500},
	date-modified = {2021-12-07 16:12:18 -0500},
	journal = {The Journal of the Acoustical Society of America},
	number = {5},
	pages = {3306--3316},
	publisher = {Acoustical Society of America},
	title = {Perceptual learning of systematic variation in {Spanish-accented} speech},
	volume = {125},
	year = {2009}}

@article{reinisch2014,
	author = {Reinisch, Eva and Holt, Lori L},
	date-added = {2021-12-07 16:11:40 -0500},
	date-modified = {2021-12-07 16:11:40 -0500},
	journal = {Journal of Experimental Psychology: Human Perception and Performance},
	number = {2},
	pages = {539},
	publisher = {American Psychological Association},
	title = {Lexically guided phonetic retuning of foreign-accented speech and its generalization.},
	volume = {40},
	year = {2014}}

@article{bradlow2008,
	author = {Bradlow, Ann R and Bent, Tessa},
	date-added = {2021-12-07 16:11:19 -0500},
	date-modified = {2024-05-24 13:45:32 -0400},
	journal = {Cognition},
	number = {2},
	pages = {707--729},
	title = {Perceptual adaptation to non-native speech},
	volume = {106},
	year = {2008}}

@article{bent2013,
	author = {Bent, Tessa and Frush Holt, Rachael},
	date-added = {2021-12-07 16:11:08 -0500},
	date-modified = {2024-05-23 11:25:41 -0400},
	journal = {The Journal of the Acoustical Society of America},
	number = {3},
	pages = {1677--1686},
	publisher = {Acoustical Society of America},
	title = {The influence of talker and foreign-accent variability on spoken word identification},
	volume = {133},
	year = {2013}}

@article{kleinschmidt2015,
	author = {Kleinschmidt, Dave F and Jaeger, T Florian},
	date-added = {2021-12-07 16:10:37 -0500},
	date-modified = {2021-12-07 16:10:37 -0500},
	journal = {Psychological Review},
	number = {2},
	pages = {148--203},
	publisher = {American Psychological Association},
	title = {Robust speech perception: recognize the familiar, generalize to the similar, and adapt to the novel.},
	volume = {122},
	year = {2015}}

@article{norris2008,
	author = {Norris, Dennis and McQueen, James M},
	date-added = {2021-12-07 16:10:18 -0500},
	date-modified = {2021-12-07 16:10:18 -0500},
	journal = {Psychological Review},
	number = {2},
	pages = {357},
	publisher = {American Psychological Association},
	title = {Shortlist {B}: a {Bayesian} model of continuous speech recognition.},
	volume = {115},
	year = {2008}}

@article{johnson2006,
	author = {Johnson, Keith},
	date-added = {2021-12-07 16:09:50 -0500},
	date-modified = {2024-05-24 13:45:39 -0400},
	journal = {Journal of phonetics},
	number = {4},
	pages = {485--499},
	title = {Resonance in an exemplar-based lexicon: The emergence of social identity and phonology},
	volume = {34},
	year = {2006}}

@article{goldinger1998,
	author = {Goldinger, Stephen D},
	date-added = {2021-12-07 16:09:36 -0500},
	date-modified = {2021-12-07 16:09:36 -0500},
	journal = {Psychological Review},
	number = {2},
	pages = {251},
	publisher = {American Psychological Association},
	title = {Echoes of echoes? An episodic theory of lexical access.},
	volume = {105},
	year = {1998}}

@article{lisker1964,
	author = {Lisker, Leigh and Abramson, Arthur S},
	date-added = {2021-12-07 16:08:26 -0500},
	date-modified = {2021-12-07 16:08:26 -0500},
	journal = {Word},
	number = {3},
	pages = {384--422},
	publisher = {Taylor \& Francis},
	title = {A cross-language study of voicing in initial stops: Acoustical measurements},
	volume = {20},
	year = {1964}}

@article{campos2012,
	author = {Campos-Astorkiza, Rebeka},
	date-added = {2021-12-07 16:05:59 -0500},
	date-modified = {2024-05-24 13:44:29 -0400},
	journal = {The handbook of Hispanic linguistics},
	pages = {89--110},
	title = {The phonemes of {Spanish}},
	year = {2012}}

@article{chodroff2019,
	author = {Chodroff, Eleanor and Golden, Alessandra and Wilson, Colin},
	date-added = {2021-12-07 16:05:27 -0500},
	date-modified = {2021-12-07 16:05:27 -0500},
	journal = {The Journal of the Acoustical Society of America},
	number = {1},
	pages = {EL109--EL115},
	publisher = {Acoustical Society of America},
	title = {Covariation of stop voice onset time across languages: Evidence for a universal constraint on phonetic realization},
	volume = {145},
	year = {2019}}

@article{flege2021,
	author = {Flege, James E and Bohn, O},
	date-added = {2021-12-07 16:05:11 -0500},
	date-modified = {2024-05-09 13:14:04 -0400},
	journal = {second language speech learning: theoretical and empirical progress},
	pages = {3--83},
	publisher = {Cambridge University Press Cambridge, UK},
	title = {The revised speech learning model (SLM-r)},
	year = {2021}}

@article{flege2003,
	author = {Flege, James E and Schirru, Carlo and MacKay, Ian R. A.},
	date-added = {2021-12-07 16:05:03 -0500},
	date-modified = {2024-05-24 13:45:35 -0400},
	journal = {Speech communication},
	number = {4},
	pages = {467--491},
	title = {Interaction between the native and second language phonetic subsystems},
	volume = {40},
	year = {2003}}

@article{sumner2014,
	author = {Sumner, Meghan and Kim, Seung Kyung and King, Ed and McGowan, Kevin B},
	date-added = {2021-12-07 16:04:39 -0500},
	date-modified = {2021-12-07 16:04:39 -0500},
	journal = {Frontiers in psychology},
	pages = {1015},
	publisher = {Frontiers},
	title = {The socially weighted encoding of spoken words: A dual-route approach to speech perception},
	volume = {4},
	year = {2014}}

@article{pierrehumbert2016,
	author = {Pierrehumbert, Janet B},
	date-added = {2021-12-07 16:04:19 -0500},
	date-modified = {2021-12-07 16:04:19 -0500},
	journal = {Annual Review of Linguistics},
	pages = {33--52},
	publisher = {Annual Reviews},
	title = {Phonological representation: Beyond abstract versus episodic},
	volume = {2},
	year = {2016}}

@article{kleinschmidt2019,
	author = {Kleinschmidt, Dave F},
	date-added = {2021-12-07 16:04:05 -0500},
	date-modified = {2021-12-07 16:04:05 -0500},
	journal = {Language, cognition and neuroscience},
	number = {1},
	pages = {43--68},
	publisher = {Taylor \& Francis},
	title = {Structure in talker variability: How much is there and how much can it help?},
	volume = {34},
	year = {2019}}

@article{xie2018,
	author = {Xie, Xin and Weatherholtz, Kodi and Bainton, Larisa and Rowe, Emily and Burchill, Zachary and Liu, Linda and Jaeger, T Florian},
	date-added = {2021-12-07 16:03:48 -0500},
	date-modified = {2021-12-07 16:03:48 -0500},
	journal = {The Journal of the Acoustical Society of America},
	number = {4},
	pages = {2013--2031},
	publisher = {Acoustical Society of America},
	title = {Rapid adaptation to foreign-accented speech and its transfer to an unfamiliar talker},
	volume = {143},
	year = {2018}}

@article{clarke2004,
	author = {Clarke, Constance M and Garrett, Merrill F},
	date-added = {2021-12-07 16:02:51 -0500},
	date-modified = {2021-12-07 16:02:51 -0500},
	journal = {The Journal of the Acoustical Society of America},
	number = {6},
	pages = {3647--3658},
	publisher = {Acoustical Society of America},
	title = {Rapid adaptation to foreign-accented {English}},
	volume = {116},
	year = {2004}}
